@misc{palikhe2025transparentaisurveyexplainable,
      title={Towards Transparent AI: A Survey on Explainable Large Language Models}, 
      author={Avash Palikhe and Zhenyu Yu and Zichong Wang and Wenbin Zhang},
      year={2025},
      eprint={2506.21812},
      archivePrefix={arXiv},
      primaryClass={cs.CL},
      url={https://arxiv.org/abs/2506.21812}, 
}

@misc{Buzby_2024, title={Breaking down the cost of large language models}, url={https://www.qwak.com/post/llm-cost}, journal={Qwak}, author={Buzby, Hudson}, year={2024}, month={Jun}} 

@misc{kandpal2025positionexpensivellmtraining,
      title={Position: The Most Expensive Part of an LLM should be its Training Data}, 
      author={Nikhil Kandpal and Colin Raffel},
      year={2025},
      eprint={2504.12427},
      archivePrefix={arXiv},
      primaryClass={cs.CL},
      url={https://arxiv.org/abs/2504.12427}, 
}

@misc{fish2025algorithmiccollusionlargelanguage,
      title={Algorithmic Collusion by Large Language Models}, 
      author={Sara Fish and Yannai A. Gonczarowski and Ran I. Shorrer},
      year={2025},
      eprint={2404.00806},
      archivePrefix={arXiv},
      primaryClass={econ.GN},
      url={https://arxiv.org/abs/2404.00806}, 
}

@misc{zhang2025fairsharedatapricingdata,
      title={Fairshare Data Pricing via Data Valuation for Large Language Models}, 
      author={Luyang Zhang and Cathy Jiao and Beibei Li and Chenyan Xiong},
      year={2025},
      eprint={2502.00198},
      archivePrefix={arXiv},
      primaryClass={cs.GT},
      url={https://arxiv.org/abs/2502.00198}, 
}

@misc{sapkota2025comprehensiveanalysistransparencyaccessibility,
      title={Comprehensive Analysis of Transparency and Accessibility of ChatGPT, DeepSeek, And other SoTA Large Language Models}, 
      author={Ranjan Sapkota and Shaina Raza and Manoj Karkee},
      year={2025},
      eprint={2502.18505},
      archivePrefix={arXiv},
      primaryClass={cs.SE},
      url={https://arxiv.org/abs/2502.18505}, 
}
